@book{2017FirstOrder,
  author={Amir Beck},
  publisher={SIAM& MOS},
  title={First-Order Methods in Optimization},
  year={2017},
}

@article{SGD,
  title={A Stochastic Approximation Method},
  author={Herbert Robbins and Sutton Monro},
  journal={Annals of Mathematical Statistics},
  volume={22},
  number={3},
  pages={400–407},
  year={1951},
}

@article{SAG,
  title={Minimizing Finite Sums With the Stochastic Average Gradient},
  author={Mark Schmidt, Nicolas Le Roux, and Francis Bach},
  journal={Mathematical Programming},
  volume={162},
  number={1},
  pages={83-112},
  year={2017},
}

@article{SVRG,
  title={Accelerating Stochastic Gradient Descent Using Predictive Variance Reduction},
  author={Johnson, R. , and T. Zhang},
  journal={News in physiological sciences},
  volume={1},
  number={3},
  pages={315-323},
  year={2013},
}

@article{SAGA,
  title={SAGA: A Fast Incremental Gradient Method With Support for Non-Strongly Convex Composite Objectives},
  author={Defazio, A. , and S. Lacoste-Julien},
  journal={International Conference on Neural Information Processing Systems. MIT Press},
  volume={2},
  year={2014},
}

@article{2014Prox,
  title={Foundations and Trendso in Optimization},
  author={Parikh N, Boyd S, et al},
  journal={Proximal algorithms},
  volume={1},
  number={3},
  pages={127-239},
  year={2014},
}

@article{2016ADMM,
  title={On the global and linear convergence of the generalized alternating direction method of multipliers},
  author={Deng W, Yin W},
  journal={Journal of Scientific Computing},
  volume={66},
  number={3},
  pages={889-916},
  year={2016},
}

@article{2017ADMM,
  title={A note on the convergence of ADMM for linearly constrained convex optimization problems},
  author={Chen L, Sun D, Toh K C},
  journal={Computational Optimization and Applications},
  volume={66},
  number={2},
  pages={327-343},
  year={2017},
}

@article{1976AugLagrange,
  title={Augmented Lagrangians and applications of the proximal point algorithm in convex programming},
  author={Rockafellar R T},
  journal={Mathematics of Operations Research},
  volume={1},
  number={2},
  pages={97-116},
  year={1976},
}

@book{1975ADMMBook,
  author={Gabay D, Mercier B},
  publisher={Institut de recherche d'informatique et d'automatique},
  title={A dual algorithm for the solution of non linear variational problems via finite element approximation},
  year={1975}
}

@book{2006NumericalOptmizationBook,
  author={Nocedal J, Wright S},
  publisher={Berlin: Springer Science & Business Media},
  title={Numerical Optimization},
  edition={2},
  year={2006}
}

@book{2006OptimizationBook,
  author={Sun W, Yuan Y X},
  publisher={Berlin: Springer Science & Business Media},
  title={Optimization theory and methods: nonlinear programming},
  year={2006}
}

@article{1963A,
  title={A Rapidly Convergent Descent Method for Minimization},
  author={ Fletcher, R.  and  Powell, Mjd },
  journal={The Computer Journal},
  volume={6},
  pages={163-168},
  year={1963},
}

@article{1980Curvilinear,
  title={Curvilinear path steplength algorithms for minimization which use directions of negative curvature},
  author={ Goldfarb, D. },
  journal={Mathematical Programming},
  volume={18},
  number={1},
  pages={31-40},
  year={1980},
}

@article{1989On,
  title={On the limited memory BFGS method for large scale optimization},
  author={ Liu, D. C.  and  Nocedal, J. },
  journal={Mathematical Programming},
  volume={45},
  number={1},
  pages={503-528},
  year={1989},
}

@article{1992Global,
  title={Global convergence properties of conjugate gradient methods for optimization},
  author={ Gilbert, J. C.  and  Nocedal, J. },
  journal={Siam Journal on Optimization},
  volume={2},
  number={1},
  pages={21-42},
  year={1992},
}

@INBOOK{6302929,  
    author={Rumelhart, David E. and McClelland, James L.},  
    booktitle={Parallel Distributed Processing: Explorations in the Microstructure of Cognition: Foundations},   
    title={Learning Internal Representations by Error Propagation},   
    year={1987},  
    pages={318-362},  
}

@inproceedings{2009Accelerated,
  title={Accelerated Gradient Method for Multi-task Sparse Learning Problem},
  author={ Xi, C.  and  Pan, W.  and  Kwok, J. T.  and  Carbonell, J. G. },
  booktitle={IEEE International Conference on Data Mining},
  year={2009},
}

@article{1999Convergence,
  title={Convergence properties of a modified BFGS algorithm for minimization with Armijo-Goldstein steplengths},
  author={ Deng, N. Y.  and  Li, Z. F. },
  journal={Journal of Computational Mathematics},
  volume={17},
  number={6},
  pages={645-652},
  year={1999},
}

@article{2021Statistical,
  title={Statistical Inference for Polyak-Ruppert Averaged Zeroth-order Stochastic Gradient Algorithm},
  author={ Jin, Y.  and  Xiao, T.  and  Balasubramanian, K. },
  year={2021},
}

@book{2004Convex,
  title={Convex Optimization},
  author={ Boyd, S.  and  Vandenberghe, L. },
  publisher={Convex Optimization},
  year={2004},
}

@book{1963Linear,
  title={Linear Programming and Extensions},
  author={ Dantzig, G. },
  publisher={Linear Programming and Extensions},
  year={1963},
}

@article{1995Sequential,
  title={Sequential Quadratic Programming},
  author={ Boggs, Paul T.  and  Tolle, Jon W. },
  journal={Acta Numerica},
  volume={4},
  year={1995},
}

@article{1982Quadratically,
  title={Quadratically constrained quadratic programming: Some applications and a method for solution},
  author={ Phan-Huy-Hao, E. },
  journal={Mathematical Methods of Operational Research},
  volume={26},
  number={1},
  pages={105-119},
  year={1982},
}

@article{1989Least,
  title={Least square matching problem},
  author={ Brockett, R. W. },
  year={1989},
}

@book{Book1,
  author = "高立", 
  title = "数值最优化方法",
  publisher = "北京大学出版社",
  year = 2014,
}

@article{2007柯西,
  title={柯西-施瓦茨不等式的三种证明},
  author={张伟 and 何卫},
  journal={重庆教育学院学报},
  number={3},
  year={2007},
}

@phdthesis{2002ConvergenceAnalysis,
  title={若干最优化方法的收敛性分析及应用研究},
  author={郭崇慧},
  school={大连理工大学},
  year={2002},
}
